
@techreport{cal_amm,
	author={Ang, J.A. and others},
	title={{Abstract Machine Models and Proxy Architectures for Exascale Computing}},
	year={2014},
	institution={Sandia National Laboratories and Lawrence Berkeley National Laboratory
		(DOE Computer Architecture Laboratories Project)}
}

@book{handp_hardware,
	author = {Hennessy J.L. and Paterson D.A.},
	title = {{Computer Architecture, Fifth Edition: A Quantitative Approach}},
	publisher = {Morgan Kaufmann},
	year={2011}
}

